  @misc{lattner2020mlir,
    title={MLIR: A Compiler Infrastructure for the End of Moore's Law},
    author={Chris Lattner and Mehdi Amini and Uday Bondhugula and Albert Cohen and Andy Davis and Jacques Pienaar and River Riddle and Tatiana Shpeisman and Nicolas Vasilache and Oleksandr Zinenko},
    year={2020},
    eprint={2002.11054},
    archivePrefix={arXiv},
    primaryClass={cs.PL}
  }
  @misc{mlirtutorial,
    title={MLIR Tutorial: Building a Compiler with MLIR},
    author={Mehdi Amini and Alex Zinenko and Nicholas Vasilache},
    year={2020},
    howpublished="\url{https://llvm.org/devmtg/2019-04/slides/Tutorial-AminiVasilacheZinenko-MLIR.pdf}"
  }
